
@book{glatter82,
AUTHOR    = {O. Glatter and O. Kratky}, 
TITLE     = {Small angle X-ray scattering},
PUBLISHER = {Academic Press, London},
YEAR      = {1982},
Edition   = {},
}

@book{feigin87,
AUTHOR    = {L A Feigin and D I Svergun},
TITLE     = {Structure Analysis by Small-Angle X-Ray and Neutron Scattering},
PUBLISHER = {Plenum Press, New York},
YEAR      = {1987},
Edition   = {},
}

@book{guinier94,
AUTHOR    = {A Guinier},
TITLE     = {X-ray Diffraction in Crystals, Imperfect Crystals, and Amorphous
Bodies},
PUBLISHER = {Dover Publications Inc., New York},
YEAR      = {1994},
Edition   = {},
}

@book{kasai10,
AUTHOR    = {N Kasai and M Kakudo},
TITLE     = {X-ray diffraction by macromolecules},
PUBLISHER = {Kodansha Ltd and Springer-Verlag Berlin Heidelberg},
YEAR      = {2010},
Edition   = {},
}

@article{fedorova78oct,
author = "Fedorova, I. S. and Schmidt, P. W.",
title = "{A general analytical method for calculating particle-dimension
distributions from scattering data}",
journal = "Journal of Applied Crystallography",
year = "1978",
volume = "11",
number = "5",
pages = "405--411",
month = oct,
doi = {10.1107/S0021889878013503},
url = {http://dx.doi.org/10.1107/S0021889878013503},
}

@article{szklarczyk2011string,
  title={The STRING database in 2011: functional interaction networks of proteins, globally integrated and scored},
  author={Szklarczyk, Damian and Franceschini, Andrea and Kuhn, Michael and Simonovic, Milan and Roth, Alexander and Minguez, Pablo and Doerks, Tobias and Stark, Manuel and Muller, Jean and Bork, Peer and others},
  journal={Nucleic acids research},
  volume={39},
  number={suppl 1},
  pages={D561--D568},
  year={2011},
  publisher={Oxford Univ Press}
}

@article{prasad2009human,
  title={Human protein reference database—2009 update},
  author={Prasad, TS Keshava and Goel, Renu and Kandasamy, Kumaran and Keerthikumar, Shivakumar and Kumar, Sameer and Mathivanan, Suresh and Telikicherla, Deepthi and Raju, Rajesh and Shafreen, Beema and Venugopal, Abhilash and others},
  journal={Nucleic acids research},
  volume={37},
  number={suppl 1},
  pages={D767--D772},
  year={2009},
  publisher={Oxford Univ Press}
}

@article{brown2009navigator,
  title={NAViGaTOR: network analysis, visualization and graphing Toronto},
  author={Brown, Kevin R and Otasek, David and Ali, Muhammad and McGuffin, Michael J and Xie, Wing and Devani, Baiju and van Toch, Ian Lawson and Jurisica, Igor},
  journal={Bioinformatics},
  volume={25},
  number={24},
  pages={3327--3329},
  year={2009},
  publisher={Oxford University Press}
}

@article{alfarano2005biomolecular,
  title={The biomolecular interaction network database and related tools 2005 update},
  author={Alfarano, C and Andrade, CE and Anthony, K and Bahroos, N and Bajec, M and Bantoft, K and Betel, Doron and Bobechko, B and Boutilier, K and Burgess, Eea and others},
  journal={Nucleic acids research},
  volume={33},
  number={suppl 1},
  pages={D418--D424},
  year={2005},
  publisher={Oxford Univ Press}
}

@article{ahituv2007medical,
  title={Medical sequencing at the extremes of human body mass},
  author={Ahituv, Nadav and Kavaslar, Nihan and Schackwitz, Wendy and Ustaszewska, Anna and Martin, Joel and H{\'e}bert, Sybil and Doelle, Heather and Ersoy, Baran and Kryukov, Gregory and Schmidt, Steffen and others},
  journal={The American Journal of Human Genetics},
  volume={80},
  number={4},
  pages={779--791},
  year={2007},
  publisher={Elsevier}
}

@article{xenarios2001dip,
  title={DIP: the database of interacting proteins: 2001 update},
  author={Xenarios, Ioannis and Fernandez, Esteban and Salwinski, Lukasz and Duan, Xiaoqun Joyce and Thompson, Michael J and Marcotte, Edward M and Eisenberg, David},
  journal={Nucleic acids research},
  volume={29},
  number={1},
  pages={239--241},
  year={2001},
  publisher={Oxford Univ Press}
}

@article{breitkreutz2008biogrid,
  title={The BioGRID interaction database: 2008 update},
  author={Breitkreutz, Bobby-Joe and Stark, Chris and Reguly, Teresa and Boucher, Lorrie and Breitkreutz, Ashton and Livstone, Michael and Oughtred, Rose and Lackner, Daniel H and B{\"a}hler, J{\"u}rg and Wood, Valerie and others},
  journal={Nucleic acids research},
  volume={36},
  number={suppl 1},
  pages={D637--D640},
  year={2008},
  publisher={Oxford Univ Press}
}


@article{kratky78feb,
author = {Kratky,O. and Pilz,I.},
title = {A comparison of X-ray small-angle scattering results to crystal
structure analysis and other physical techniques in the field of biological
macromolecules},
journal = {Quarterly Reviews of Biophysics},
volume = {11},
year="1978",
month=feb,
issue = {01},
issn = {1469-8994},
pages = {39--70},
numpages = {32},
doi = {10.1017/S0033583500001918},
URL = {http://dx.doi.org/10.1017/S0033583500001918},
eprint = {http://journals.cambridge.org/article_S0033583500001918},
}

@article{schmidt59jun,
author = {Paul W. Schmidt and Robert Hight, Jr.},
title = {Calculation of the Intensity of Small-Angle X-Ray Scattering at
Relatively Large Scattering Angles},
publisher = {AIP},
year = {1959},
month=jun,
journal = {Journal of Applied Physics},
volume = {30},
number = {6},
pages = {866-871},
url = {http://link.aip.org/link/?JAP/30/866/1},
doi = {10.1063/1.1735255}
}

@article{wignall91oct,
author = "Wignall, G. D.",
title = "{Instrumental resolution effects in small-angle scattering}",
journal = "Journal of Applied Crystallography",
year = "1991",
volume = "24",
number = "5",
pages = "479--484",
month =oct,
doi = {10.1107/S0021889891003278},
url = {http://dx.doi.org/10.1107/S0021889891003278},
}

@article{fine55mar,
author={S Fine and C F Hendee},
title={X-ray critical-absorption and emission energies in keV},
journal={Nucleonics},
volume={13},
number = "3",
pages={36-37},
year={1955},
month=mar,
comment="k/l-edge table (2-pager), from bob cd. page number on printout are
161-162",
}

@article{birch82sep,
author={R Birch and M Marshall and L H J Peaple},
title={Theoretical and measured L X-rays from a solid tungsten target
(medical radiography tube)},
journal={Physics in Medicine and Biology},
volume={27},
number={9},
pages={1119-1129},
url={http://stacks.iop.org/0031-9155/27/i=9/a=003},
year={1982},
month=sep,
comment="info for tungsten tube",
}

@article{zhang07,
author = {Zhang, Fajun and Skoda, Maximilian W. A. and Jacobs, Robert M. J. and
Zorn, Stefan and Martin, Richard A. and Martin, Christopher M. and Clark,
Graham F. and Goerigk, Günter and Schreiber, Frank},
title = {Gold Nanoparticles Decorated with Oligo(ethylene glycol) Thiols: 
Protein Resistance and Colloidal Stability†},
journal = {The Journal of Physical Chemistry A},
volume = {111},
number = {49},
pages = {12229-12237},
year = {2007},
doi = {10.1021/jp074293v},
note ={PMID: 17914772},
URL = {http://pubs.acs.org/doi/abs/10.1021/jp074293v},
eprint = {http://pubs.acs.org/doi/pdf/10.1021/jp074293v},
comment="gnp saxs and how to simulate",
}

@article{evans00oct,
author = "Evans, Gwyndaf and Roversi, Pietro and Bricogne, G{\'{e}}rard",
title = "{In-house low-resolution X-ray crystallography}",
journal = "Acta Crystallographica Section D",
year = "2000",
volume = "56",
number = "10",
pages = "1304--1311",
month = oct,
doi = {10.1107/S0907444900008982},
url = {http://dx.doi.org/10.1107/S0907444900008982},
}

@article{vad11feb,
author = "Vad, Thomas and Sager, Wiebke F. C.",
title = "{Comparison of iterative desmearing procedures for one-dimensional
small-angle scattering data}",
journal = "Journal of Applied Crystallography",
year = "2011",
volume = "44",
number = "1",
pages = "32--42",
month = feb,
doi = {10.1107/S0021889810049721},
url = {http://dx.doi.org/10.1107/S0021889810049721},
}

@article{tate95apr,
author = "Tate, M. W. and Eikenberry, E. F. and Barna, S. L. and Wall, M. E.
and Lowrance, J. L. and Gruner, S. M.",
title = "{A Large-Format High-Resolution Area X-ray Detector Based on a
Fiber-Optically Bonded Charge-Coupled Device (CCD)}",
journal = "Journal of Applied Crystallography",
year = "1995",
volume = "28",
number = "2",
pages = "196--205",
month = apr,
comment = "developed CCD array for saxs (at beamline)",
doi = {10.1107/S0021889894007867},
url = {http://dx.doi.org/10.1107/S0021889894007867},
}

@article{singh93dec,
author = "Singh, M. A. and Ghosh, S. S. and Shannon, Jnr, R. F.",
title = "{A direct method of beam-height correction in small-angle X-ray
scattering}",
journal = "Journal of Applied Crystallography",
year = "1993",
volume = "26",
number = "6",
pages = "787--794",
month = dec,
doi = {10.1107/S0021889893005527},
url = {http://dx.doi.org/10.1107/S0021889893005527},
}

@article{pedersen04jun,
author = "Pedersen, Jan Skov",
title = "{A flux- and background-optimized version of the NanoSTAR small-angle
X-ray scattering camera for solution scattering}",
journal = "Journal of Applied Crystallography",
year = "2004",
volume = "37",
number = "3",
pages = "369--380",
month = jun,
doi = {10.1107/S0021889804004170},
url = {http://dx.doi.org/10.1107/S0021889804004170},
}

@article{davidson05aug,
author={Melanie T M Davidson and Deidre L Batchelar and Sujeevan Velupillai
  and John D Denstedt and Ian A Cunningham},
 title={Laboratory coherent-scatter analysis of intact urinary stones with
crystalline composition: a tomographic approach},
journal={Physics in Medicine and Biology},
  volume={50},
 number={16},
  pages={3907},
 url={http://stacks.iop.org/0031-9155/50/i=16/a=017},
   year={2005},
month=aug,
}

@article{pedersen97jul,
title = "Analysis of small-angle scattering data from colloids and polymer
solutions: modeling and least-squares fitting",
journal = "Advances in Colloid and Interface Science",
volume = "70",
number = "0",
pages = "171 - 210",
year = "1997",
comment="fit to curve",
issn = "0001-8686",
doi = "10.1016/S0001-8686(97)00312-6",
url = "http://www.sciencedirect.com/science/article/pii/S0001868697003126",
author = "Jan Skov Pedersen",
month=jul,
}

@article{fiorentin82jan,
author = {S. Re Fiorentin},
title = {A new method for determination of particle-size distribution function
from small angle scattering data},
publisher = {AIP},
year = {1982},
journal = {Journal of Applied Physics},
volume = {53},
number = {1},
pages = {245-249},
comment="for data analysis",
month=jan,
url = {http://link.aip.org/link/?JAP/53/245/1},
doi = {10.1063/1.329983}
}

@article{bienert09nov,
 author = {Bienert, Ralf and Emmerling, Franziska and Thünemann, Andreas},
  title = {The size distribution of 'gold standard' nanoparticles},
  journal = {Analytical and Bioanalytical Chemistry},
  publisher = {Springer Berlin / Heidelberg},
  issn = {1618-2642},
  pages = {1651-1660},
 volume = {395},
 issue = {6},
  url = {http://dx.doi.org/10.1007/s00216-009-3049-5},
  note = {10.1007/s00216-009-3049-5},
   year = {2009},
month=nov,
comment="talk about saxs of gold nanoparticles",
}

@article{delissen08sep,
author = {Delißen, Friedmar and Leiterer, Jork and Bienert, Ralf and
   Emmerling, Franziska and Thünemann, Andreas},
title = {Agglomeration of proteins in acoustically levitated
		 droplets},
journal = {Analytical and Bioanalytical Chemistry},
publisher = {Springer Berlin / Heidelberg},
issn = {1618-2642},
pages = {161-165},
volume = {392},
issue = {1},
url ={http://dx.doi.org/10.1007/s00216-008-2252-0},
note = {10.1007/s00216-008-2252-0},
year = {2008},
month=sep,
comment="levitation method for the sample",
}

@article {leiterer08jun,
author = {Leiterer, J. and Delißen, F. and Emmerling, F. and Thünemann, A.
   and Panne, U.},
title = {Structure analysis using acoustically levitated droplets},
journal = {Analytical and Bioanalytical Chemistry},
publisher = {Springer Berlin / Heidelberg},
 issn = {1618-2642},
 comment="sample levitation method",
pages = {1221-1228},
volume = {391},
issue = {4},
url = {http://dx.doi.org/10.1007/s00216-008-2011-2},
note = {10.1007/s00216-008-2011-2},
year = {2008},
month=jun,
}

@article{fritz06feb,
author = "Fritz, Gerhard and Bergmann, Alexander",
title = "{SAXS instruments with slit collimation: investigation of resolution
and flux}",
journal = "Journal of Applied Crystallography",
year = "2006",
volume = "39",
number = "1",
pages = "64--71",
month = feb,
doi = {10.1107/S002188980503966X},
url = {http://dx.doi.org/10.1107/S002188980503966X},
}

@article{schuster95apr,
author={M Schuster and H Gobel},
title={Parallel-beam coupling into channel-cut monochromators using curved
graded multilayers},
journal={Journal of Physics D: Applied Physics},
volume={28},
number={4A},
pages={A270},
url={http://stacks.iop.org/0022-3727/28/i=4A/a=053},
year={1995},
month=apr,
comment="describes Gobel mirrors that were later used for
higher flux in saxs",
}

@article{freed09nov,
author = {Melanie Freed and Stuart Miller and Katherine Tang and Aldo Badano},
title = {Experimental validation of Monte Carlo (MANTIS) simulated x-ray
response of columnar CsI scintillator screens},
publisher = {AAPM},
year = {2009},
month=nov,
journal = {Medical Physics},
volume = {36},
number = {11},
pages = {4944-4956},
comment = "describes FDA CCD detector",
url = {http://link.aip.org/link/?MPH/36/4944/1},
doi = {10.1118/1.3233683}
}

@article{mertens10oct,
title={Structural characterization of proteins and complexes using small-angle
x-ray solution scattering},
journal="Journal of Structural Biology",
volume="172",
number="1",
pages="128-141",
year="2010",
month=oct,
author="Haydyn D. T. Mertens and Dmitri I. Svergun",
}

@article{guinier38may,
author = "A. Guinier",
title = "{Un nouveau type de diagrammes de rayons X}",
journal = "Comptes Rendus Hebdomadaires Seances l'Academie Sciences",
year = "1938",
volume = "206",
pages = "1641--1643",
month = "May",
}

#J. Phys. Radium.
@article{guinier47dec,
author = "A. Guinier and G. Fournet",
title = "{Facteurs de correction dans les mesures de la diffusion des rayons x
aux faibles angles}",
journal = "Le journal de physique et le radium",
year = "1947",
number=12,
volume = "8",
pages = "345--351",
month = "May",
}

############-------reviews [reviews.html]-------############

#review, update since 1973
journal = {Methods Enzymol.},
@article{pilz79,
author = {Ingrid Pilz and Otto Glatter and Otto Kratky},
title = {Small Angle X-Ray Scattering},
year = {1979},
journal = {Methods in Enzymology},
volume = {61},
number = {8},
pages = {148-243},
}
doi:10.1016/0076-6879(79)61013-3

@article{putnam07aug,
author = {Putnam, Christopher D. and Hammel, Michal and Hura, Greg L. and
Tainer, John A.},
title = {X-ray solution scattering (SAXS) combined with crystallography and
computation: defining accurate macromolecular structures, conformations and
assemblies in solution},
journal = {Quarterly Reviews of Biophysics},
volume = {40},
number = {03},
pages = {191-285},
year = {2007},
month=aug,
doi = {10.1017/S0033583507004635},
URL = {http://dx.doi.org/10.1017/S0033583507004635},
eprint = {http://journals.cambridge.org/article_S0033583507004635},
}

@article{jacques10apr,
author = {Jacques, David A. and Trewhella, Jill},
title = {Small-angle scattering for structural biology—Expanding the frontier
while avoiding the pitfalls},
journal = {Protein Science},
volume = {19},
number = {4},
month=apr,
publisher = {Wiley Subscription Services, Inc., A Wiley Company},
issn = {1469-896X},
url = {http://dx.doi.org/10.1002/pro.351},
doi = {10.1002/pro.351},
pages = {642--657},
year = {2010},
}

@article{james12apr,
author = {James, Michelle L. and Gambhir, Sanjiv S.}, 
title = {A Molecular Imaging Primer: Modalities, Imaging Agents, and
Applications},
volume = {92}, 
number = {2}, 
pages = {897-965}, 
year = {2012}, 
month=apr,
doi = {10.1152/physrev.00049.2010}, 
URL = {http://physrev.physiology.org/content/92/2/897.abstract}, 
eprint = {http://physrev.physiology.org/content/92/2/897.full.pdf+html}, 
journal = {Physiological Reviews} 
}

@article{svergun11sep,
author = {Svergun, D. and Shtykova, E. and Volkov, V. and Feigin, L.},
title = {Small-angle X-ray scattering, synchrotron radiation, and the
 structure of bio- and nanosystems},
journal = {Crystallography Reports},
publisher = {MAIK Nauka/Interperiodica distributed exclusively
 by Springer Science+Business Media LLC.},
issn = {1063-7745},
pages = {725-750},
volume = {56},
issue = {5},
url ={http://dx.doi.org/10.1134/S1063774511050221},
note = {10.1134/S1063774511050221},
year = {2011},
month=sep,
}

@article{svergun03oct,
author={Dmitri I Svergun and Michel H J Koch},
title={Small-angle scattering studies of biological macromolecules in
solution},
journal={Reports on Progress in Physics},
volume={66},
number={10},
pages={1735},
url={http://stacks.iop.org/0034-4885/66/i=10/a=R05},
year={2003},
month=oct,
}

@article{koch03may,
author = {Koch, Michel H. J. and Vachette, Patrice and Svergun, Dmitri I.},
title = {Small-angle scattering: a view on the properties, structures and
structural changes of biological macromolecules in solution},
journal = {Quarterly Reviews of Biophysics},
volume = {36},
number = {02},
pages = {147-227},
year = {2003},
month=may,
doi = {10.1017/S0033583503003871},
URL = {http://dx.doi.org/10.1017/S0033583503003871},
eprint = {http://journals.cambridge.org/article_S0033583503003871},
}

############-------alternative methods [alt_meth.html]-------############

#nat med
@article{massoud10aug,
author = {Tarik F Massoud and Ramasamy Paulmurugan and Sanjiv S Gambhir},
title = {A molecularly engineered split reporter for imaging protein-protein
interactions with positron emission tomography},
year = {2010},
month=aug,
journal = {Nature Medicine},
volume = {16},
number = {8},
pages = {921-926},
}

@article{de09aug,
author = {De, Abhijit and Ray, Pritha and Loening, Andreas Markus and Gambhir,
Sanjiv Sam}, 
title = {{BRET3}: a red-shifted bioluminescence resonance energy transfer
({BRET})-based integrated platform for imaging protein-protein interactions from
single live cells and living animals}, 
volume = {23}, 
number = {8}, 
pages = {2702-2709}, 
year = {2009}, 
month=aug,
doi = {10.1096/fj.08-118919}, 
URL = {http://www.fasebj.org/content/23/8/2702.abstract}, 
eprint = {http://www.fasebj.org/content/23/8/2702.full.pdf+html}, 
journal = {The FASEB Journal} 
}

@article{phillip12jan,
author = {Phillip, Yael and Kiss, Vladimir and Schreiber, Gideon}, 
title = {Protein-binding dynamics imaged in a living cell}, 
volume = {109}, 
number = {5}, 
pages = {1461-1466}, 
year = {2012}, 
month=jan,
doi = {10.1073/pnas.1112171109}, 
URL = {http://www.pnas.org/content/109/5/1461.abstract}, 
eprint = {http://www.pnas.org/content/109/5/1461.full.pdf+html}, 
journal = {Proceedings of the National Academy of Sciences} 
}

############ method/detector

###3 slit

@article{bolduan49oct,
author = {Orvil E. A. Bolduan and Richard S. Bear},
title = {Effective Use of Collimating Apertures in Small-Angle X-Ray
Diffraction Cameras},
publisher = {AIP},
year = {1949},
month=oct,
journal = {Journal of Applied Physics},
volume = {20},
number = {10},
pages = {983-992},
url = {http://link.aip.org/link/?JAP/20/983/1},
doi = {10.1063/1.1698263}
}


###4 slit

@article{ritland50aug,
author = {H. N. Ritland and P. Kaesberg and W. W. Beeman},
title = {Double Crystal and Slit Methods in Small Angle X-Ray Scattering},
publisher = {AIP},
year = {1950},
month=aug,
journal = {Journal of Applied Physics},
volume = {21},
number = {8},
pages = {838-841},
url = {http://link.aip.org/link/?JAP/21/838/1},
doi = {10.1063/1.1699767}
}

@article{anderegg55jun,
author = {Anderegg, John W. and Beeman, W. W. and Shulman, Sidney and Kaesberg,
Paul},
title = {An Investigation of the Size, Shape and Hydration of Serum Albumin by
Small-angle X-Ray Scattering},
journal = {Journal of the American Chemical Society},
volume = {77},
number = {11},
pages = {2927-2937},
year = {1955},
month=jun,
doi = {10.1021/ja01616a002},
URL = {http://pubs.acs.org/doi/abs/10.1021/ja01616a002},
eprint = {http://pubs.acs.org/doi/pdf/10.1021/ja01616a002}
}


############-------Experimental setup details [exp_details.html]-------############

#setup described
@article{allaire11jan,
author = "Allaire, Marc and Yang, Lin",
title = "{Biomolecular solution X-ray scattering at the National Synchrotron
Light Source}",
journal = "Journal of Synchrotron Radiation",
year = "2011",
volume = "18",
number = "1",
pages = "41--44",
month = jan,
doi = {10.1107/S0909049510036022},
url = {http://dx.doi.org/10.1107/S0909049510036022},
}

@article{lai06dec,
author = "Lai, Ying-Huang and Sun, Ya-Sen and Jeng, U-Ser and Lin, Jhih-Min and
Lin, Tsang-Lang and Sheu, Hwo-Sheunn and Chuang, Wei-Tsung and Huang, Yu-Shan
and Hsu, Chia-Hung and Lee, Ming-Tao and Lee, Hsin-Yi and Liang, Keng S. and
Gabriel, Andre and Koch, Michel H. J.",
title = "{An instrument for time-resolved and anomalous simultaneous small- and
wide-angle X-ray scattering (SWAXS) at NSRRC}",
journal = "Journal of Applied Crystallography",
year = "2006",
volume = "39",
number = "6",
pages = "871--877",
month = dec,
doi = {10.1107/S0021889806034686},
url = {http://dx.doi.org/10.1107/S0021889806034686},
}

@article{wedekind06dec,
author = {Wedekind, Joseph E. and Gillilan, Richard and Janda, Alena and
Krucinska, Jolanta and Salter, Jason D. and Bennett, Ryan P. and Raina, Jay and
Smith, Harold C.}, 
title = {Nanostructures of APOBEC3G Support a Hierarchical Assembly Model of
High Molecular Mass Ribonucleoprotein Particles from Dimeric Subunits},
volume = {281}, 
number = {50}, 
pages = {38122-38126}, 
year = {2006}, 
month=dec,
doi = {10.1074/jbc.C600253200}, 
URL = {http://www.jbc.org/content/281/50/38122.abstract}, 
eprint = {http://www.jbc.org/content/281/50/38122.full.pdf+html}, 
journal = {Journal of Biological Chemistry} 
}

#detector related
@article{koerner11mar,
author = "Koerner, Lucas J. and Gillilan, Richard E. and Green, Katherine S.
and Wang, Suntao and Gruner, Sol M.",
title = "{Small-angle solution scattering using the mixed-mode pixel array
detector}",
journal = "Journal of Synchrotron Radiation",
year = "2011",
volume = "18",
number = "2",
pages = "148--156",
month = mar,
doi = {10.1107/S0909049510045607},
url = {http://dx.doi.org/10.1107/S0909049510045607},
}

#collimator related
@article {stabinger78jun,
author = {Stabinger, Hans and Kratky, Otto},
title = {A new technique for the measurement of the absolute intensity of x-ray
small angle scattering. The moving slit method},
journal = {Die Makromolekulare Chemie},
volume = {179},
number = {6},
publisher = {Hüthig \& Wepf Verlag},
issn = {0025-116X},
url = {http://dx.doi.org/10.1002/macp.1978.021790630},
doi = {10.1002/macp.1978.021790630},
pages = {1655--1659},
year = {1978},
month=jun,
}

@article {stabinger79dec,
author = {Stabinger, H. and Kratky, O.},
title = {Erhöhung der Primärenergie bei Röntgenkleinwinkelmessungen durch
Modifikation des Blockkollimationssystems},
journal = {Die Makromolekulare Chemie},
volume = {180},
number = {12},
publisher = {Hüthig \& Wepf Verlag},
issn = {0025-116X},
url = {http://dx.doi.org/10.1002/macp.1979.021801223},
doi = {10.1002/macp.1979.021801223},
pages = {2995--2997},
year = {1979},
month=dec,
}

## slit related
@article{kratky84may,
author = {Kratky, O. and Stabinger, H.},
title = {X-ray small angle camera with block-collimation system an
instrument of colloid research},
journal = {Colloid \& Polymer Science},
publisher = {Springer Berlin / Heidelberg},
issn = {0303-402X},
pages = {345-360},
volume = {262},
issue = {5},
url = {http://dx.doi.org/10.1007/BF01410252},
note = {10.1007/BF01410252},
year = {1984},
month=may,
}

@article{bergmann00jun,
author = "Bergmann, Alexander and Orthaber, Doris and Scherf, G{\"{u}}nther and
Glatter, Otto",
title = "{Improvement of SAXS measurements on Kratky slit systems by G{\"{o}}bel
mirrors and imaging-plate detectors}",
journal = "Journal of Applied Crystallography",
year = "2000",
volume = "33",
number = "3 Part 2",
pages = "869--875",
month = "Jun",
doi = {10.1107/S0021889800000881},
url = {http://dx.doi.org/10.1107/S0021889800000881},
}

@article{kratky54,
author = "Kratky, Otto",
title = "{Neues Verfahren zur Herstellung von blendenstreuungsfreien
Rontgen-Kleinwinkel-Aufnahmen}",
journal = "Z. Elektrochem.",
year = "1954",
volume = "58", 
pages = "49--53",
}

@article{kratky58,
author = "Kratky, Otto and Skala, Zdenko",
title = "{Neues Verfahren zur Herstellung von blendenstreuungsfreien
Rontgen-Kleinwinkel-aufnahmen V. Beschreibung eines Modells der U-Kamera}",
journal = "Z. Elektrochem.",
year = "1958",
volume = "62",
pages = "73--77",
}

#sample holder related
@article{martel12may,
author = "Martel, Anne and Liu, Ping and Weiss, Thomas M. and Niebuhr, Marc and
Tsuruta, Hiro",
title = "{An integrated high-throughput data acquisition system for biological
solution X-ray scattering studies}",
journal = "Journal of Synchrotron Radiation",
year = "2012",
volume = "19",
number = "3",
pages = "431--434",
month = "May",
doi = {10.1107/S0909049512008072},
url = {http://dx.doi.org/10.1107/S0909049512008072},
}

@article{nielsen12apr,
author = "Nielsen, S. S. and M{\o}ller, M. and Gillilan, R. E.",
title = "{High-throughput biological small-angle X-ray scattering with a
robotically loaded capillary cell}",
journal = "Journal of Applied Crystallography",
year = "2012",
volume = "45",
number = "2",
pages = "213--223",
month = apr,
doi = {10.1107/S0021889812000957},
url = {http://dx.doi.org/10.1107/S0021889812000957},
}

#acquisition related
@article{franke12oct,
title = "Automated acquisition and analysis of small angle X-ray scattering
data",
journal = "Nuclear Instruments and Methods in Physics Research Section A:
Accelerators, Spectrometers, Detectors and Associated Equipment",
volume = "689",
number = "0",
pages = "52 - 59",
year = "2012",
month=oct,
issn = "0168-9002",
doi = "10.1016/j.nima.2012.06.008",
url = "http://www.sciencedirect.com/science/article/pii/S0168900212006444",
author = "Daniel Franke and Alexey G. Kikhney and Dmitri I. Svergun",
}


############-------Nanoparticles [nanopart.html]-------############

@article{polte10feb,
author = {Polte, Jörg and Erler, Robert and Thünemann, Andreas F. and Sokolov,
Sergey and Ahner, T. Torsten and Rademann, Klaus and Emmerling, Franziska and
Kraehnert, Ralph},
title = {Nucleation and Growth of Gold Nanoparticles Studied via in situ Small
Angle X-ray Scattering at Millisecond Time Resolution},
journal = {ACS Nano},
volume = {4},
number = {2},
pages = {1076-1082},
year = {2010},
month=feb,
doi = {10.1021/nn901499c},
note ={PMID: 20088602},
URL = {http://pubs.acs.org/doi/abs/10.1021/nn901499c},
eprint = {http://pubs.acs.org/doi/pdf/10.1021/nn901499c}
}

#J Pharm Sci
@article{rossetti11jul,
author = {Rossetti, Fábia Cristina and Fantini, Márcia C. A. and Carollo, Aline
Regina H. and Tedesco, Antônio Cláudio and Lopes Badra Bentley, Maria Vitória},
title = {Analysis of liquid crystalline nanoparticles by small angle X-ray
diffraction: Evaluation of drug and pharmaceutical additives influence on the
internal structure},
journal = {Journal of Pharmaceutical Sciences},
volume = {100},
number = {7},
publisher = {Wiley Subscription Services, Inc., A Wiley Company},
issn = {1520-6017},
url = {http://dx.doi.org/10.1002/jps.22522},
doi = {10.1002/jps.22522},
pages = {2849--2857},
year = {2011},
month=jul,
}

@article{singh11jul,
title = "LSPR and SAXS studies of starch stabilized Ag–Cu alloy nanoparticles",
journal = "Colloids and Surfaces A: Physicochemical and Engineering Aspects",
volume = "384",
number = "1–3",
pages = "668 - 674",
year = "2011",
month=jul,
issn = "0927-7757",
doi = "10.1016/j.colsurfa.2011.05.037",
url = "http://www.sciencedirect.com/science/article/pii/S0927775711003645",
author = "Manjeet Singh and I. Sinha and A.K. Singh and R.K. Mandal",
}

@article{ricketts12sep,
author={K Ricketts and A Castoldi and C Guazzoni and C Ozkan and C
Christodoulou and A P Gibson and G J Royle},
title={A quantitative x-ray detection system for gold nanoparticle tumour
biomarkers},
journal={Physics in Medicine and Biology},
volume={57},
number={17},
pages={5543},
url={http://stacks.iop.org/0031-9155/57/i=17/a=5543},
year={2012},
month=sep,
}

#Nat Biotech
@article{gao04aug,
author={Xiaohu Gao and Yuanyuan Cui and Richard M Levenson and Leland W K Chung
and Shuming Nie},
title={In vivo cancer targeting and imaging with semiconductor quantum dots},
journal={Nature Biotechnology},
volume={22},
number={8},
pages={969-976},
year={2004},
month=aug,
}

@article{driskell11aug,
author={Jeremy D. Driskell and Cheryl A. Jones and S. Mark Tompkins 
and Ralph A. Tripp},
title={One-step assay for detecting influenza virus using dynamic light
scattering and gold nanoparticles},
journal={Analyst},
volume={136},
number={15},
pages={3083-3090},
year={2011},
month=aug,
}

@article{crwo11nov,
author = {Crow, Matthew J. and Seekell, Kevin and Ostrander, Julie H. and Wax,
Adam},
title = {Monitoring of Receptor Dimerization Using Plasmonic Coupling of Gold
Nanoparticles},
journal = {ACS Nano},
volume = {5},
number = {11},
pages = {8532-8540},
year = {2011},
month=nov,
doi = {10.1021/nn201451c},
URL = {http://pubs.acs.org/doi/abs/10.1021/nn201451c},
eprint = {http://pubs.acs.org/doi/pdf/10.1021/nn201451c}
}

@article{thakor11aug,
author = {Thakor, A. S. and Jokerst, J. and Zavaleta, C. and Massoud, T. F. and
Gambhir, S. S.},
title = {Gold Nanoparticles: A Revival in Precious Metal Administration to
Patients},
journal = {Nano Letters},
volume = {11},
number = {10},
pages = {4029-4036},
year = {2011},
doi = {10.1021/nl202559p},
month=aug,
URL = {http://pubs.acs.org/doi/abs/10.1021/nl202559p},
eprint = {http://pubs.acs.org/doi/pdf/10.1021/nl202559p}
}


@article{lake67aug,
author = "Lake, J. A.",
title = "{An iterative method of slit-correcting small angle X-ray data}",
journal = "Acta Crystallographica",
year = "1967",
month=aug,
volume = "23",
number = "2",
pages = "191--194",
month = "Aug",
doi = {10.1107/S0365110X67002440},
url = {http://dx.doi.org/10.1107/S0365110X67002440},
}

@article{jensen11jul,
title = "Molecular X-ray computed tomography of myelin in a rat brain",
journal = "NeuroImage",
volume = "57",
number = "1",
pages = "124 - 129",
year = "2011",
month=jul,
issn = "1053-8119",
doi = "http://dx.doi.org/10.1016/j.neuroimage.2011.04.013",
url = "http://www.sciencedirect.com/science/article/pii/S1053811911003910",
author = "T.H. Jensen and M. Bech and O. Bunk and A. Menzel and A. Bouchet and
G. Le Duc and R. Feidenhans'l and F. Pfeiffer",
}

@article{kaya04apr,
author = "Kaya, H{\aa}kon",
title = "{Scattering from cylinders with globular end-caps}",
journal = "Journal of Applied Crystallography",
year = "2004",
volume = "37",
number = "2",
pages = "223--230",
month = "Apr",
doi = {10.1107/S0021889804000020},
url = {http://dx.doi.org/10.1107/S0021889804000020},
}

@article{kratky66jan,
title = "Absolute intensity measurement of small angle x-ray scattering by means of a standard sample ",
journal = "Journal of Colloid and Interface Science ",
volume = "21",
number = "1",
pages = "24 - 34",
year = "1966",
month=jan,
issn = "0021-9797",
doi = "http://dx.doi.org/10.1016/0095-8522(66)90078-X",
url = "http://www.sciencedirect.com/science/article/pii/009585226690078X",
author = "O. Kratky and I. Pilz and P.J. Schmitz"
}

@article{glatter86,
year={1986},
issn={0026-3672},
journal={Microchimica Acta},
volume={89},
number={1-6},
doi={10.1007/BF01207331},
title={Approximation of titration curves and other sigmoidal functions by
proportionally spaced cubic B-splines},
url={http://dx.doi.org/10.1007/BF01207331},
publisher={Springer-Verlag},
author={Glatter, Otto and Greschonig, Herbert},
pages={389-399},
}

@article{glatter77oct,
author = "Glatter, O.",
title = "{A new method for the evaluation of small-angle scattering data}",
journal = "Journal of Applied Crystallography",
year = "1977",
volume = "10",
number = "5",
pages = "415--421",
month = "Oct",
doi = {10.1107/S0021889877013879},
url = {http://dx.doi.org/10.1107/S0021889877013879},
}

@article{kornreich13aug,
title = "Modern X-ray scattering studies of complex biological systems ",
journal = "Current Opinion in Biotechnology ",
volume = "24",
number = "4",
pages = "716 - 723",
year = "2013",
month=aug,
issn = "0958-1669",
doi = "http://dx.doi.org/10.1016/j.copbio.2013.01.005",
url = "http://www.sciencedirect.com/science/article/pii/S0958166913000086",
author = "M Kornreich and R Avinery and R Beck"
}

@patent{jiang10,
author=Licai Jiang,
title=Two-dimensional small angle x-ray scattering camera,
year=2010,
month=jun,
day=8,
number={US 7,734,011 B2},
type=patent,
location=US,
}

@article{poletti04jan,
title = "Measurements of X-ray scatter signatures for some tissue-equivalent
materials ",
journal = "Nuclear Instruments and Methods in Physics Research Section B: Beam
Interactions with Materials and Atoms ",
volume = "213",
number = "0",
pages = "595 - 598",
year = "2004",
note = "<ce:title>5th Topical Meeting on Industrial Radiation and Radioisotope
Measurement Applications</ce:title> ",
issn = "0168-583X",
doi = "http://dx.doi.org/10.1016/S0168-583X(03)01676-8",
url = "http://www.sciencedirect.com/science/article/pii/S0168583X03016768",
author = "M.E. Poletti and O.D. Gonçalves and I. Mazzaro",
}

@article{poletti02jan,
author={M E Poletti and O D Gonçalves and I Mazzaro},
title={X-ray scattering from human breast tissues and breast-equivalent
	materials},
journal={Physics in Medicine and Biology},
volume={47},
 number={1},
 pages={47-63},
url={http://stacks.iop.org/0031-9155/47/i=1/a=304},
year={2002},
month=jan,
}

@article{danthi04nov,
author={S. Narasimhan Danthi and Sunil D. Pandit and King C.P. Li},
title={A primer on molecular biology for imagers: VII. Molecular imaging probes	},
journal={Academic Radiology},
volume={11},
number=9,
  pages={1047-1054},
  year={2004},
  month=nov,
 }

@article{cheng12aug,
author = {Chi, Cheng and Vargas-Lara, Fernando and Tkachenko, Alexei V. and
Starr, Francis W. and Gang, Oleg},
title = {Internal Structure of Nanoparticle Dimers Linked by DNA},
journal = {ACS Nano},
volume = {6},
number = {8},
pages = {6793-6802},
year = {2012},
doi = {10.1021/nn301528h},
URL = {http://pubs.acs.org/doi/abs/10.1021/nn301528h},
eprint = {http://pubs.acs.org/doi/pdf/10.1021/nn301528h}
}

@article{dattatreya13aug,
author = {Mellacheruvu, Dattatreya and Wright, Zachary and Couzens, Amber L and
Lambert, Jean-Philippe and St-Denis, Nicole A and Li, Tuo and Miteva, Yana V
and Hauri, Simon and Sardiu, Mihaela E and Low, Teck Yew and Halim, Vincentius A
and Bagshaw, Richard D and Hubner, Nina C and al-Hakim, Abdallah and Bouchard,
Annie and Faubert, Denis and Fermin, Damian and Dunham, Wade H and Goudreault,
Marilyn and Lin, Zhen-Yuan and Badillo, Beatriz Gonzalez and Pawson, Tony and 
Durocher, Daniel and Coulombe, Benoit and Aebersold, Ruedi and Superti-Furga,
Giulio and Colinge, Jacques and Heck, Albert J R and Choi, Hyungwon and 
Gstaiger, Matthias and Mohammed, Shabaz and Cristea, Ileana M and Bennett,
Keiryn L and Washburn, Mike P and Raught, Brian and Ewing, Rob M and Gingras,
Anne-Claude and Nesvizhskii, Alexey I},
title = {The {CRAPome}: a contaminant repository for affinity purification-mass
spectrometry data},
journal = {Nat Meth},
volume = {10},
number = {8},
pages = {730-736},
year = {2013},
month = aug,
doi = {10.1038/nmeth.2557},
}

@article{kann07,
author = {Kann, Maricel G.}, 
title = {Protein interactions and disease: computational approaches to uncover
the etiology of diseases},
volume = {8}, 
number = {5}, 
pages = {333-346}, 
year = {2007}, 
doi = {10.1093/bib/bbm031}, 
URL = {http://bib.oxfordjournals.org/content/8/5/333.abstract}, 
eprint = {http://bib.oxfordjournals.org/content/8/5/333.full.pdf+html}, 
journal = {Briefings in Bioinformatics} 
}

@article{dragulescu11jul,
author = {Dragulescu-Andrasi, Anca and Chan, Carmel T. and De, Abhijit and
Massoud, Tarik F. and Gambhir, Sanjiv S.}, 
title = {Bioluminescence resonance energy transfer ({BRET}) imaging of
protein–protein interactions within deep tissues of living subjects},
volume = {108}, 
number = {29}, 
pages = {12060-12065}, 
year = {2011}, 
month=jul,
doi = {10.1073/pnas.1100923108}, 
URL = {http://www.pnas.org/content/108/29/12060.abstract}, 
eprint = {http://www.pnas.org/content/108/29/12060.full.pdf+html}, 
journal = {Proceedings of the National Academy of Sciences} 
}

#url={http://dx.doi.org/10.1385/1-59259-762-9%3A137},
@incollection{wilton04,
year={2004},
isbn={978-1-58829-120-2},
booktitle={Protein-Protein Interactions},
volume={261},
series={Methods in Molecular Biology},
editor={Fu, Haian},
doi={10.1385/1-59259-762-9:137},
title={Analysis of Protein-Protein Interactions by Simulation of Small-Zone Gel
Filtration Chromatography},
publisher={Humana Press},
author={Wilton, Rosemarie and Myatt, ElizabethA. and Stevens, FredJ.},
pages={137-154},
}

url={http://dx.doi.org/10.1385/1-59259-762-9%3A167},
@incollection{hall04,
year={2004},
isbn={978-1-58829-120-2},
booktitle={Protein-Protein Interactions},
volume={261},
series={Methods in Molecular Biology},
editor={Fu, Haian},
doi={10.1385/1-59259-762-9:167},
title={Studying Protein-Protein Interactions via Blot Overlay or Far Western
Blot},
publisher={Humana Press},
author={Hall, Randy A.},
pages={167-174},
}

url={http://dx.doi.org/10.1385/1-59259-762-9%3A247},
@incollection{miller04,
year={2004},
isbn={978-1-58829-120-2},
booktitle={Protein-Protein Interactions},
volume={261},
series={Methods in Molecular Biology},
editor={Fu, Haian},
doi={10.1385/1-59259-762-9:247},
title={Using the Yeast Two-Hybrid System to Identify Interacting Proteins},
publisher={Humana Press},
author={Miller, John and Stagljar, Igor},
pages={247-262},
}

url={http://dx.doi.org/10.1385/1-59259-762-9%3A351},
@incollection{herman04,
year={2004},
isbn={978-1-58829-120-2},
booktitle={Protein-Protein Interactions},
volume={261},
series={Methods in Molecular Biology},
editor={Fu, Haian},
doi={10.1385/1-59259-762-9:351},
title={Microscopic Analysis of Fluorescence Resonance Energy Transfer (FRET)},
publisher={Humana Press},
author={Herman, Brian and Krishnan, R.Venkata and Centonze, VictoriaE.},
pages={351-370},
}

@article{berney03jun,
title = "{FRET} or No FRET: A Quantitative Comparison",
journal = "Biophysical Journal",
volume = "84",
number = "6",
pages = "3992 - 4010",
month=jun,
year = "2003",
issn = "0006-3495",
doi = "http://dx.doi.org/10.1016/S0006-3495(03)75126-1",
url = "http://www.sciencedirect.com/science/article/pii/S0006349503751261",
author = "Claude Berney and Gaudenz Danuser"
}

@article{de05dec,
author = {De, Abhijit and Gambhir, Sanjiv Sam}, 
title = {Noninvasive imaging of protein–protein interactions from live cells
and living subjects using bioluminescence resonance energy transfer},
volume = {19}, 
number = {14}, 
pages = {2017-2019}, 
month=dec,
year = {2005}, 
doi = {10.1096/fj.05-4628fje}, 
URL = {http://www.fasebj.org/content/19/14/2017.short}, 
eprint = {http://www.fasebj.org/content/19/14/2017.full.pdf+html}, 
journal = {The FASEB Journal} 
}

@article{boyleroden07nov,
title = "High resolution 1H {NMR} of a lipid cubic phase using a solution
{NMR} probe",
journal = "Journal of Magnetic Resonance",
volume = "189",
number = "1",
pages = "13 - 19",
year = "2007",
month=nov,
issn = "1090-7807",
doi = "http://dx.doi.org/10.1016/j.jmr.2007.08.010",
url = "http://www.sciencedirect.com/science/article/pii/S1090780707002455",
author = "E. Boyle-Roden and N. Hoefer and K.K. Dey and P.J. Grandinetti and M.
Caffrey",
}

@article{trewhellajun13,
title = "Report of the wwPDB Small-Angle Scattering Task Force: Data
Requirements for Biomolecular Modeling and the {PDB}",
journal = "Structure",
volume = "21",
number = "6",
pages = "875 - 881",
year = "2013",
month=jun,
issn = "0969-2126",
doi = "http://dx.doi.org/10.1016/j.str.2013.04.020",
url = "http://www.sciencedirect.com/science/article/pii/S0969212613001500",
author = "Jill Trewhella and Wayne A. Hendrickson and Gerard J. Kleywegt and
Andrej Sali and Mamoru Sato and Torsten Schwede and Dmitri I. Svergun and
John A. Tainer and John Westbrook and Helen M. Berman"
}

@article{orthaber00jun,
author = "Orthaber, Doris and Bergmann, Alexander and Glatter, Otto",
title = "{SAXS experiments on absolute scale with Kratky systems using water as
a secondary standard}",
journal = "Journal of Applied Crystallography",
year = "2000",
month=jun,
volume = "33",
number = "2",
pages = "218--225",
month = "Apr",
doi = {10.1107/S0021889899015216},
url = {http://dx.doi.org/10.1107/S0021889899015216},
}

@article{pauw13sep,
  author={Brian Richard Pauw},
  title={Everything SAXS: small-angle scattering pattern collection and correction},
  journal={Journal of Physics: Condensed Matter},
  volume={25},
  number={38},
  pages={383201},
  url={http://stacks.iop.org/0953-8984/25/i=38/a=383201},
  year={2013},
month=sep,
}
@article{NguyenT_2012,
author = {Nguyen, Trang T. and Sly, Krystal L. and Conboy, John C.},
title = {Comparison of the Energetics of Avidin, Streptavidin, NeutrAvidin, and Anti-Biotin Antibody Binding to Biotinylated Lipid Bilayer Examined by Second-Harmonic Generation},
journal = {Analytical Chemistry},
volume = {84},
number = {1},
pages = {201-208},
year = {2012},
doi = {10.1021/ac202375n},

URL = {http://pubs.acs.org/doi/abs/10.1021/ac202375n},
eprint = {http://pubs.acs.org/doi/pdf/10.1021/ac202375n}
}

@article{HsuS_1981,
author = {Hsu, S M and Raine, L and Fanger, H}, 
title = {Use of avidin-biotin-peroxidase complex ({ABC}) in immunoperoxidase techniques: a comparison between ABC and unlabeled antibody (PAP) procedures.},
volume = {29}, 
number = {4}, 
pages = {577-80}, 
year = {1981}, 
doi = {10.1177/29.4.6166661}, 
abstract ={The use of avidin-biotin interaction in immunoenzymatic techniques provides a simple and sensitive method to localize antigens in formalin-fixed tissues. Among the several staining procedures available, the ABC method, which involves an application of biotin-labeled secondary antibody followed by the addition of avidin-biotin-peroxidase complex, gives a superior result when compared to the unlabeled antibody method. The availability of biotin-binding sites in the complex is created by the incubation of a relative excess of avidin with biotin-labeled peroxidase. During formation of the complex, avidin acts as a bridge between biotin-labeled peroxidase molecules; and biotin-labeled peroxidase molecules, which contains several biotin moieties, serve as a link between the avidin molecules. Consequently, a "lattice" complex containing several peroxidase molecules is likely formed. Binding of this complex to the biotin moieties associated with secondary antibody results in a high staining intensity.}, 
URL = {http://jhc.sagepub.com/content/29/4/577.abstract}, 
eprint = {http://jhc.sagepub.com/content/29/4/577.full.pdf+html}, 
journal = {Journal of Histochemistry \& Cytochemistry} 
}

@article{TrotterJ_1966,
author = {Trotter, James and Hamilton, Jean A.},
title = {The Absolute Configuration of Biotin*},
journal = {Biochemistry},
volume = {5},
number = {2},
pages = {713-714},
year = {1966},
doi = {10.1021/bi00866a044},

URL = {http://pubs.acs.org/doi/abs/10.1021/bi00866a044},
eprint = {http://pubs.acs.org/doi/pdf/10.1021/bi00866a044}
}

@article{WeberP_1989,
author = {Weber, PC and Ohlendorf, DH and Wendoloski, JJ and Salemme, FR}, 
title = {Structural origins of high-affinity biotin binding to streptavidin},
volume = {243}, 
number = {4887}, 
pages = {85-88}, 
year = {1989}, 
doi = {10.1126/science.2911722}, 
abstract ={The high affinity of the noncovalent interaction between biotin and streptavidin forms the basis for many diagnostic assays that require the formation of an irreversible and specific linkage between biological macromolecules. Comparison of the refined crystal structures of apo and a streptavidin:biotin complex shows that the high affinity results from several factors. These factors include the formation of multiple hydrogen bonds and van der Waals interactions between biotin and the protein, together with the ordering of surface polypeptide loops that bury the biotin in the protein interior. Structural alterations at the biotin binding site produce quaternary changes in the streptavidin tetramer. These changes apparently propagate through cooperative deformations in the twisted beta sheets that link tetramer subunits.}, 
URL = {http://www.sciencemag.org/content/243/4887/85.abstract}, 
eprint = {http://www.sciencemag.org/content/243/4887/85.full.pdf}, 
journal = {Science} 
}


@article{WaymentJ_2009,
author = {Wayment, Joshua R. and Harris, Joel M.},
title = {Biotin−Avidin Binding Kinetics Measured by Single-Molecule Imaging},
journal = {Analytical Chemistry},
volume = {81},
number = {1},
pages = {336-342},
year = {2009},
doi = {10.1021/ac801818t},

URL = {http://pubs.acs.org/doi/abs/10.1021/ac801818t},
eprint = {http://pubs.acs.org/doi/pdf/10.1021/ac801818t}
}

@article{DundasC_2013,
year={2013},
issn={0175-7598},
journal={Applied Microbiology and Biotechnology},
volume={97},
number={21},
doi={10.1007/s00253-013-5232-z},
title={Streptavidin–biotin technology: improvements and innovations in chemical and biological applications},
url={http://dx.doi.org/10.1007/s00253-013-5232-z},
publisher={Springer Berlin Heidelberg},
keywords={Streptavidin; Biotinylation; Proteomics; Enzyme; Protein design},
author={Dundas, ChristopherM. and Demonte, Daniel and Park, Sheldon},
pages={9343-9353},
language={English}
}

@article{BagciH_1993,
title = "Monoclonal anti-biotin antibodies simulate avidin m the recognition of biotin ",
journal = "\{FEBS\} Letters ",
volume = "322",
number = "1",
pages = "47 - 50",
year = "1993",
note = "",
issn = "0014-5793",
doi = "http://dx.doi.org/10.1016/0014-5793(93)81108-C",
url = "http://www.sciencedirect.com/science/article/pii/001457939381108C",
author = "Hasan Bagçi and Fortune Kohen and Unsal Kusçuoglu and Edward A. Bayer and Meir Wilchek",
keywords = "Anti-biotin antibody",
keywords = "Antibody gene",
keywords = "Biotin binding site",
keywords = "Antibody combining site",
keywords = "Binding motif "
}

@article{hongvivo,
  title={In Vivo Imaging of Protein-Protein Interactions},
  author={Hong, Hao and Goel, Shreya and Cai, Weibo}
}

@article{ChaietL_1964,
title = "The properties of streptavidin, a biotin-binding protein produced by Streptomycetes ",
journal = "Archives of Biochemistry and Biophysics ",
volume = "106",
number = "0",
pages = "1 - 5",
year = "1964",
note = "",
issn = "0003-9861",
doi = "http://dx.doi.org/10.1016/0003-9861(64)90150-X",
url = "http://www.sciencedirect.com/science/article/pii/000398616490150X",
author = "Louis Chaiet and Frank J. Wolf"
}

@article{WilchekM_1988,
  title={The avidin-biotin complex in bioanalytical applications},
  author={Wilchek, Meir and Bayer, Edward A},
  journal={Analytical biochemistry},
  volume={171},
  number={1},
  pages={1--32},
  year={1988},
  publisher={Academic Press}
}

@article{GrunwellJ_2001,
author = {Grunwell, Jocelyn R. and Glass, Jennifer L. and Lacoste, Thilo D. and Deniz, Ashok A. and Chemla, Daniel S. and Schultz, Peter G.},
title = {Monitoring the Conformational Fluctuations of DNA Hairpins Using Single-Pair Fluorescence Resonance Energy Transfer},
journal = {Journal of the American Chemical Society},
volume = {123},
number = {18},
pages = {4295-4303},
year = {2001},
doi = {10.1021/ja0027620},

URL = {http://pubs.acs.org/doi/abs/10.1021/ja0027620},
eprint = {http://pubs.acs.org/doi/pdf/10.1021/ja0027620}
}

@article{Wennmalm_1997,
  title={Conformational fluctuations in single DNA molecules},
  author={Wennmalm, Stefan and Edman, Lars and Rigler, Rudolf},
  journal={Proceedings of the National Academy of Sciences},
  volume={94},
  number={20},
  pages={10641--10646},
  year={1997},
  publisher={National Acad Sciences}
}

@article{Boozer_2004,
author = {Boozer, Christina and Ladd, Jon and Chen, Shengfu and Yu, Qiuming and Homola, Jiri and Jiang, Shaoyi},
title = {DNA Directed Protein Immobilization on Mixed ssDNA/Oligo(ethylene glycol) Self-Assembled Monolayers for Sensitive Biosensors},
journal = {Analytical Chemistry},
volume = {76},
number = {23},
pages = {6967-6972},
year = {2004},
doi = {10.1021/ac048908l},
note ={PMID: 15571348},

URL = {http://pubs.acs.org/doi/abs/10.1021/ac048908l},
eprint = {http://pubs.acs.org/doi/pdf/10.1021/ac048908l}
}

@article{FredJ_2008,
  title={Labeled magnetic nanoparticles assembly on polypyrrole film for biosensor applications},
  author={Fredj, H Ben and Helali, S and Esseghaier, C and Vonna, L and Vidal, L and Abdelghani, A},
  journal={Talanta},
  volume={75},
  number={3},
  pages={740--747},
  year={2008},
  publisher={Elsevier}
}

@article {BashirR_2001,
author = {Bashir, R. and Gomez, R. and Sarikaya, A. and Ladisch, M. R. and Sturgis, J. and Robinson, J. P.},
title = {Adsorption of avidin on microfabricated surfaces for protein biochip applications},
journal = {Biotechnology and Bioengineering},
volume = {73},
number = {4},
publisher = {John Wiley & Sons, Inc.},
issn = {1097-0290},
url = {http://dx.doi.org/10.1002/bit.1065},
doi = {10.1002/bit.1065},
pages = {324--328},
keywords = {Biochips, adsorption, micro-fabricated surfaces, BSA-coated chip},
year = {2001},
}

@article{qureshi02aug,
title = "Design, production, and characterization of a monomeric streptavidin
and its application for affinity purification of biotinylated proteins",
journal = "Protein Expression and Purification",
volume = "25",
number = "3",
pages = "409 - 415",
year = "2002",
month=aug,
issn = "1046-5928",
doi = "http://dx.doi.org/10.1016/S1046-5928(02)00021-9",
url = "http://www.sciencedirect.com/science/article/pii/S1046592802000219",
author = "Mohammad Hassan Qureshi and Sui-Lam Wong"
}

@article{petkov05nov,
  title = {Structure of gold nanoparticles suspended in water studied by x-ray diffraction and computer simulations},
  author = {Petkov, Valeri and Peng, Yong and Williams, Geoff and Huang, Baohua and Tomalia, Donald and Ren, Yang},
  journal = {Phys. Rev. B},
  volume = {72},
  issue = {19},
  pages = {195402},
  numpages = {8},
  year = {2005},
  month = {Nov},
  doi = {10.1103/PhysRevB.72.195402},
  url = {http://link.aps.org/doi/10.1103/PhysRevB.72.195402},
  publisher = {American Physical Society}
}

@article{daniel04jan,
author = {Daniel, Marie-Christine and Astruc, Didier},
title = {Gold Nanoparticles:  Assembly, Supramolecular Chemistry,
Quantum-Size-Related Properties, and Applications toward Biology, Catalysis,
and Nanotechnology},
journal = {Chemical Reviews},
volume = {104},
number = {1},
pages = {293-346},
year = {2004},
month=jan,
doi = {10.1021/cr030698+},
note ={PMID: 14719978},
URL = {http://pubs.acs.org/doi/abs/10.1021/cr030698%2B},
eprint = {http://pubs.acs.org/doi/pdf/10.1021/cr030698%2B}
}

@article{boisselier09jun,
author ="Boisselier, Elodie and Astruc, Didier",
title  ="Gold nanoparticles in nanomedicine: preparations{,} imaging{,}
diagnostics{,} therapies and toxicity",
journal  ="Chem. Soc. Rev.",
year  ="2009",
month=jun,
volume  ="38",
issue  ="6",
pages  ="1759-1782",
publisher  ="The Royal Society of Chemistry",
doi  ="10.1039/B806051G",
url  ="http://dx.doi.org/10.1039/B806051G",
}

@article{cao11oct,
title = "Gold nanoparticle-based signal amplification for biosensing",
journal = "Analytical Biochemistry",
volume = "417",
number = "1",
pages = "1 - 16",
year = "2011",
month=oct,
issn = "0003-2697",
doi = "http://dx.doi.org/10.1016/j.ab.2011.05.027",
url = "http://www.sciencedirect.com/science/article/pii/S0003269711003356",
author = "Xiaodong Cao and Yongkang Ye and Songqin Liu",
}

@article{delong10sep,
title = "Functionalized gold nanoparticles for the binding, stabilization, and
delivery of therapeutic {DNA}, {RNA}, and other biological macromolecules",
journal = "Nanotechnol., Sci. Appl.",
volume = "3",
pages = "53-63",
year = "2010",
month=sep,
doi = "http://dx.doi.org/10.2147/NSA.S8984",
author = "Robert K DeLong and Christopher M Reynolds and Yaneika Malcolm and 
Ashley Schaeffer and Tiffany Severs and Adam Wanekaya",
}

@article {kudgus11dec,
	author = "A. Kudgus, Rachel and Bhattacharya, Resham and Mukherjee, Priyabrata",
	title = "Cancer Nanotechnology: Emerging Role of Gold Nanoconjugates",
	journal = "Anti-Cancer Agents in Medicinal Chemistry",
	volume = "11",
	number = "10",
	year = "2011",
month=dec,
	pages = "965-973",
	url = "http://www.ingentaconnect.com/content/ben/acamc/2011/00000011/00000010/art00006",
	doi = "doi:10.2174/187152011797927652",
}

@article{thakor11oct,
author = {Thakor, A. S. and Jokerst, J. and Zavaleta, C. and Massoud, T. F. and
Gambhir, S. S.},
title = {Gold Nanoparticles: A Revival in Precious Metal Administration to
Patients},
journal = {Nano Letters},
volume = {11},
number = {10},
pages = {4029-4036},
year = {2011},
doi = {10.1021/nl202559p},
month=aug,
URL = {http://pubs.acs.org/doi/abs/10.1021/nl202559p},
eprint = {http://pubs.acs.org/doi/pdf/10.1021/nl202559p}
}

@article{ramani05apr,
author = {Arun K Ramani and Razvan C Bunescu and Raymond J Mooney and Edward M Marcotte},
title = {Consolidating the set of known human protein-protein interactions in preparation for large-scale mapping of the human interactome},
journal = {Genome Biology},
volume = {6},
number = {5},
pages = {R40},
year = {2005},
doi = {10.1186/gb-2005-6-5-r40},
month=apr,
}
@article{FieldsS_1989,
  title={A novel genetic system to detect protein protein interactions},
  author={Fields, Stanley and Song, Ok-kyu},
  year={1989},
  publisher={Nature Publishing Group}
}
@article{brucknerA_2009,
  title={Yeast two-hybrid, a powerful tool for systems biology},
  author={Br{\"u}ckner, Anna and Polge, C{\'e}cile and Lentze, Nicolas and Auerbach, Daniel and Schlattner, Uwe},
  journal={International journal of molecular sciences},
  volume={10},
  number={6},
  pages={2763--2788},
  year={2009},
  publisher={Molecular Diversity Preservation International}
}
@article{rualJ_2005,
  title={Towards a proteome-scale map of the human protein--protein interaction network},
  author={Rual, Jean-Fran{\c{c}}ois and Venkatesan, Kavitha and Hao, Tong and Hirozane-Kishikawa, Tomoko and Dricot, Am{\'e}lie and Li, Ning and Berriz, Gabriel F and Gibbons, Francis D and Dreze, Matija and Ayivi-Guedehoussou, Nono and others},
  journal={Nature},
  volume={437},
  number={7062},
  pages={1173--1178},
  year={2005},
  publisher={Nature Publishing Group}
}
@article{roda2009nanobioanalytical,
  title={Nanobioanalytical luminescence: F{\"o}rster-type energy transfer methods},
  author={Roda, Aldo and Guardigli, Massimo and Michelini, Elisa and Mirasoli, Mara},
  journal={Analytical and bioanalytical chemistry},
  volume={393},
  number={1},
  pages={109--123},
  year={2009},
  publisher={Springer}
}
@article{wu_1994,
  title={Resonance energy transfer: methods and applications},
  author={Wu, PG and Brand, Ludwig},
  journal={Analytical biochemistry},
  volume={218},
  number={1},
  pages={1--13},
  year={1994},
  publisher={Elsevier}
}
@article{vainshtein80jul,
author = {B K Vainshtein and L A Feigin and Y M Lvov and R I Gvozdev and S A 
Marakushev and G I Likhtenshtein},
title = {Determination of the distance between heavy-atom markers in 
haemoglobin and histidine decarboxylase in solution by small-angle x-ray 
scattering},
journal = {FEBS Letters},
volume = {116},
number = {1},
pages = {107-110},
year = {1980},
month=jul,
}

@article{svergun99jun,
title = "Restoring Low Resolution Structure of Biological Macromolecules from
Solution Scattering Using Simulated Annealing",
journal = "Biophysical Journal",
volume = "76",
number = "6",
pages = "2879 - 2886",
year = "1999",
month=jun,
issn = "0006-3495",
doi = "http://dx.doi.org/10.1016/S0006-3495(99)77443-6",
url = "http://www.sciencedirect.com/science/article/pii/S0006349599774436",
author = "D.I. Svergun"
}

@article{mathewfenn08oct,
author = {Mathew-Fenn, Rebecca S. and Das, Rhiju and Harbury, Pehr A. B.},
title = {Remeasuring the Double Helix},
volume = {322},
number = {5900},
pages = {446-449},
year = {2008},
doi = {10.1126/science.1158881},
URL = {http://www.sciencemag.org/content/322/5900/446.abstract},
eprint = {http://www.sciencemag.org/content/322/5900/446.full.pdf},
journal = {Science},
}

@article{mathewfenn08oct2,
    author = {Mathew-Fenn, Rebecca S. AND Das, Rhiju AND Silverman, Joshua A. AND Walker, Peter A. AND Harbury, Pehr A. B.},
    journal = {PLoS ONE},
    publisher = {Public Library of Science},
    title = {A Molecular Ruler for Measuring Quantitative Distance Distributions},
    year = {2008},
    month = {10},
    volume = {3},
    url = {http://dx.doi.org/10.1371%2Fjournal.pone.0003229},
    pages = {e3229},
    number = {10},
    doi = {10.1371/journal.pone.0003229},
}        

@article{kenworthy01,
title = "Imaging Protein-Protein Interactions Using Fluorescence Resonance Energy Transfer Microscopy",
journal = "Methods",
volume = "24",
number = "3",
pages = "289 - 296",
year = "2001",
issn = "1046-2023",
doi = "http://dx.doi.org/10.1006/meth.2001.1189",
url = "http://www.sciencedirect.com/science/article/pii/S1046202301911892",
author = "Anne K. Kenworthy",
}

@article{bernstein77,
title = "The protein data bank: A computer-based archival file for macromolecular structures",
journal = "Journal of Molecular Biology",
volume = "112",
number = "3",
pages = "535 - 542",
year = "1977",
issn = "0022-2836",
doi = "http://dx.doi.org/10.1016/S0022-2836(77)80200-3",
url = "http://www.sciencedirect.com/science/article/pii/S0022283677802003",
author = "Frances C. Bernstein and Thomas F. Koetzle and Graheme J.B. Williams and Edgar F. Meyer Jr. and Michael D. Brice and John R. Rodgers and Olga Kennard and Takehiko Shimanouchi and Mitsuo Tasumi",
}

@article{konarev06,
author = "Konarev, Petr V. and Petoukhov, Maxim V. and Volkov, Vladimir V. and Svergun, Dmitri I.",
title = "{{\it ATSAS} 2.1, a program package for small-angle scattering data analysis}",
journal = "Journal of Applied Crystallography",
year = "2006",
volume = "39",
number = "2",
pages = "277--286",
month = "Apr",
doi = {10.1107/S0021889806004699},
url = {http://dx.doi.org/10.1107/S0021889806004699},
}

@article{zhang07jan,
author = {Zhang, Fajun and Skoda, Maximilian W. A. and Jacobs, Robert M. J. and Martin, Richard A. and Martin, Christopher M. and Schreiber, Frank},
title = {Protein Interactions Studied by SAXS:  Effect of Ionic Strength and Protein Concentration for BSA in Aqueous Solutions},
journal = {The Journal of Physical Chemistry B},
volume = {111},
number = {1},
pages = {251-259},
year = {2007},
doi = {10.1021/jp0649955},
note ={PMID: 17201449},
URL = {http://pubs.acs.org/doi/abs/10.1021/jp0649955},
eprint = {http://pubs.acs.org/doi/pdf/10.1021/jp0649955}
}

@article{canady01aug,
title = "Analysis of rapid, large-scale protein quaternary structural changes: time-resolved X-ray solution scattering of Nudaurelia capensis ω virus (NωV) maturation ",
journal = "Journal of Molecular Biology ",
volume = "311",
number = "4",
pages = "803 - 814",
year = "2001",
month=aug,
note = "",
issn = "0022-2836",
doi = "http://dx.doi.org/10.1006/jmbi.2001.4896",
url = "http://www.sciencedirect.com/science/article/pii/S002228360194896X",
author = "Mary A Canady and Hiro Tsuruta and John E Johnson",
}

@article {lalonde08feb,
author = {Lalonde, Sylvie and Ehrhardt, David W. and Loqué, Dominique and Chen, Jin and Rhee, Seung Y. and Frommer, Wolf B.},
title = {Molecular and cellular approaches for the detection of protein–protein interactions: latest techniques and current limitations},
journal = {The Plant Journal},
volume = {53},
number = {4},
publisher = {Blackwell Publishing Ltd},
issn = {1365-313X},
url = {http://dx.doi.org/10.1111/j.1365-313X.2007.03332.x},
doi = {10.1111/j.1365-313X.2007.03332.x},
pages = {610--635},
year = {2008},
month=feb,
}

@article{dhawan10sep
year={2010},
issn={1618-2642},
journal={Analytical and Bioanalytical Chemistry},
volume={398},
number={2},
doi={10.1007/s00216-010-3996-x},
title={Toxicity assessment of nanomaterials: methods and challenges},
url={http://dx.doi.org/10.1007/s00216-010-3996-x},
publisher={Springer-Verlag},
keywords={Nanomaterial toxicology; In vitro; In vivo; Methods; Interference; Challenges},
author={Dhawan, Alok and Sharma, Vyom},
pages={589-605},
language={English},
month=sep,
}


